<collection xmlns="http://www.loc.gov/MARC21/slim">
<record>
  <leader>01130nam0a2200253 i 450 </leader>
  <controlfield tag="001">IT\ICCU\CNCE\061469</controlfield>
  <controlfield tag="005">20080312000000.0</controlfield>
  <datafield tag="012" ind1=" " ind2=" ">
    <subfield code="a">laer ,aes a-Re mono (C) 1536 (Q)</subfield>
    <subfield code="2">fei</subfield>
  </datafield>
  <datafield tag="100" ind1=" " ind2=" ">
    <subfield code="a">20050928f1536        0itac0103    ba</subfield>
  </datafield>
  <datafield tag="101" ind1=" " ind2=" ">
    <subfield code="a">ITA</subfield>
  </datafield>
  <datafield tag="102" ind1=" " ind2=" ">
    <subfield code="a">IT</subfield>
  </datafield>
  <datafield tag="200" ind1="1" ind2=" ">
    <subfield code="a">Bolla del sanctiss. s.n. Paulo per la diuina prouidentia papa III della institutione del sacrosanto general concilio da celebrare nella citta di Mantua alli ventitre di maggio prossimo a venire MDXXXVII</subfield>
  </datafield>
  <datafield tag="210" ind1=" " ind2=" ">
    <subfield code="d">\1536!</subfield>
    <subfield code="e">In Parma</subfield>
    <subfield code="g">per maestro Antonio Vioto</subfield>
  </datafield>
  <datafield tag="215" ind1=" " ind2=" ">
    <subfield code="a">\4! c.</subfield>
    <subfield code="d">4ʻ</subfield>
  </datafield>
  <datafield tag="300" ind1=" " ind2=" ">
    <subfield code="a">La data si ricava da c. 3r</subfield>
  </datafield>
  <datafield tag="620" ind1=" " ind2=" ">
    <subfield code="a">IT</subfield>
    <subfield code="d">Parma</subfield>
  </datafield>
  <datafield tag="700" ind1=" " ind2="0">
    <subfield code="a">Paulus</subfield>
    <subfield code="c"> &lt;papa</subfield>
    <subfield code="c"> ; 3.&gt;</subfield>
    <subfield code="3">IT\ICCU\CNCA\003227</subfield>
  </datafield>
  <datafield tag="712" ind1="0" ind2="0">
    <subfield code="a">Viotti, Antonio</subfield>
    <subfield code="3">IT\ICCU\CNCT\000637</subfield>
    <subfield code="4">650</subfield>
  </datafield>
  <datafield tag="790" ind1=" " ind2="1">
    <subfield code="a">Farnese,</subfield>
    <subfield code="b">Alessandro</subfield>
    <subfield code="c"> &lt;1468-1549&gt;</subfield>
    <subfield code="3">IT\ICCU\CNCA\020800</subfield>
    <subfield code="z">Paulus &lt;papa ; 3.&gt;</subfield>
  </datafield>
  <datafield tag="791" ind1="0" ind2="0">
    <subfield code="a">Viotto, Antonio</subfield>
    <subfield code="3">IT\ICCU\CNCT\005889</subfield>
    <subfield code="z">Viotti, Antonio</subfield>
  </datafield>
  <datafield tag="791" ind1="0" ind2="0">
    <subfield code="a">Viottus, Antonius</subfield>
    <subfield code="3">IT\ICCU\CNCT\005890</subfield>
    <subfield code="z">Viotti, Antonio</subfield>
  </datafield>
  <datafield tag="791" ind1="0" ind2="0">
    <subfield code="a">Viottis, Antonius de</subfield>
    <subfield code="3">IT\ICCU\CNCT\005891</subfield>
    <subfield code="z">Viotti, Antonio</subfield>
  </datafield>
  <datafield tag="801" ind1=" " ind2="3">
    <subfield code="a">IT</subfield>
    <subfield code="b">ICCU</subfield>
    <subfield code="c">20201115</subfield>
  </datafield>
  <datafield tag="899" ind1=" " ind2=" ">
    <subfield code="a">Biblioteca comunale. Trento</subfield>
    <subfield code="1">TN0121</subfield>
    <subfield code="2">ZTN 01</subfield>
  </datafield>
</record>
</collection>
